<record><leader>00000cas a22000007a 4500</leader><controlfield tag="001">30598269</controlfield><controlfield tag="008">940613d196u19uuiluwr ne      0    0eng d</controlfield><datafield ind1=" " ind2=" " tag="010"><subfield code="a">sn 94054272 </subfield></datafield><datafield ind1=" " ind2=" " tag="040"><subfield code="a">NVF</subfield><subfield code="b">eng</subfield><subfield code="c">NVF</subfield><subfield code="d">OCLCQ</subfield><subfield code="d">NVF</subfield><subfield code="d">OCLCQ</subfield></datafield><datafield ind1=" " ind2=" " tag="042"><subfield code="a">msc</subfield></datafield><datafield ind1=" " ind2=" " tag="043"><subfield code="a">n-us-il</subfield></datafield><datafield ind1="0" ind2=" " tag="130"><subfield code="a">Suburbanite (Arlington Heights, Ill.)</subfield></datafield><datafield ind1="1" ind2="4" tag="245"><subfield code="a">The suburbanite.</subfield></datafield><datafield ind1=" " ind2=" " tag="260"><subfield code="a">Arlington Heights, Ill. :</subfield><subfield code="b">Paddock Publications</subfield></datafield><datafield ind1=" " ind2=" " tag="300"><subfield code="a">v.</subfield></datafield><datafield ind1=" " ind2=" " tag="310"><subfield code="a">Weekly</subfield></datafield><datafield ind1=" " ind2=" " tag="588"><subfield code="a">Description based on: Vol. 3, no. 15 (Feb. 23, 1964).</subfield></datafield><datafield ind1=" " ind2="4" tag="651"><subfield code="a">Chicago Suburban Area (Ill.)</subfield><subfield code="v">Newspapers.</subfield></datafield><datafield ind1=" " ind2=" " tag="752"><subfield code="a">United States</subfield><subfield code="b">Illinois</subfield><subfield code="c">Cook</subfield><subfield code="d">Arlington Heights.</subfield></datafield><datafield ind1="1" ind2=" " tag="029"><subfield code="a">AU@</subfield><subfield code="b">000025878088</subfield></datafield></record>